% This file was created with JabRef 2.6.
% Encoding: Cp1252

@BOOK{AB,
  title = {Manifolds all of whose geodesics are closed},
  author = {A. Besse},
  owner = {Owner},
  timestamp = {2012.11.29}
}

@BOOK{dC,
  title = {Riemannian Geometry},
  publisher = {Birkh\"auser},
  year = {1992},
  editor = {Francis Flaherty},
  author = {M. do Carmo},
  owner = {holden-lee},
  timestamp = {2012.09.23}
}

@BOOK{CM,
  title = {A Course in Minimal Surfaces},
  publisher = {AMS},
  year = {2011},
  author = {T. Colding and W. Minicozzi},
  volume = {121},
  series = {Graduate Studies in Mathematics},
  owner = {Owner},
  timestamp = {2012.11.27}
}

@comment{jabref-meta: selector_publisher:}

@comment{jabref-meta: selector_author:}

@comment{jabref-meta: selector_journal:}

@comment{jabref-meta: selector_keywords:}

